@book{eisenbud,
  author    = {David Eisenbud},
  title     = {Commutative Algebra with a View Toward Algebraic Geometry},
  publisher = {Springer-Verlag},
  series    = {Graduate Texts in Mathematics},
  volume    = {150},
  year      = {1995},
  address   = {New York},
  isbn      = {978-0-387-94268-1}
}

@book{CourseArithmetic,
  author    = {Jean-Pierre Serre},
  title     = {A Course in Arithmetic},
  series    = {Graduate Texts in Mathematics},
  volume    = {7},
  publisher = {Springer-Verlag},
  address   = {New York},
  year      = {1973},
  isbn      = {0-387-90040-3}
}
